@article{mantas1986,
    author = {Mantas, J.},
    title = {{An Overview of Character Recognition Methodologies}},
    journal = {Pattern Recognition},
    volume = {19},
    number = {6},
    pages = {425-430},
    year = {1986}
}

@article{govindan1989,
    author = {Govindan, V. K. and Shivaprasad, A. P.},
    title = {{Character Recognition - A Review}},
    journal = {Pattern Recognition},
    volume = {23},
    number = {7},
    pages = {671-683},
    year = {1989}
}

@book{mori1999,
    author = {Mori, S. and Nishida, H. and Yamada, H.},
    title = {{Optical Character Recognition}},
    edition = {drugo},
    address = {New York, Sjedinjene Američke Države},
    publisher = {John Wiley \& Sons, Inc.},
    year = {1999}
}

@inproceedings{leCun1990,
    author = {Le Cun, Y. and Boser, B. E. and Denker, J. S. and Henderson, D. and Howard, R. E. and Hubbard, W. E. and
 Jackel, L. D.},
    title = {{Handwritten digit recognition with a back-propagation network}},
    booktitle = {Advances in neural information processing systems},
    pages = {396-404},
    address = {Denver, Kolorado, Sjedinjene Američke Države},
    year = {1990}
}

@article{surinta2015,
    author = {Surinta, O. and Karaaba, M. F. and Schomaker, L. R. B. and Wiering, M. A.},
    title = {{Recognition of handwritten characters using local gradient feature descriptors}},
    journal = {Engineering Applications of Artificial Intelligence},
    volume = {45},
    pages = {405-414},
    year = {2015}
}

@inproceedings{chen2002,
    author = {Chen, D. and Olobez, J.-M. and Bourlard, H.},
    title = {{Text segmentation and recognition in complex background based on markov random field}},
    booktitle = {Object recognition supported by user interaction for service robots},
    volume = {4},
    pages = {227-230},
    year = {2002},
    address = {Québec, pokrajina Québec, Kanada},
    organization = {IEEE}
}
